@online{Syllabus,
    title = {Конспект за ДИ за спец. статистика},
    year = {2018},
    url = {https://intranet.fmi.uni-sofia.bg/index.php/s/KOTdUnmqbrnd0sX}
}

@online{Notes,
    author = {ЛЕКТОР (лекции) and АСИСТЕНТ (упражнения) and Янис Василев (записки)},
    title = {Записки от лекции и упражнения по ПРЕДМЕТ},
    year = {201*-201*},
    url = {https://ivasilev.net/ФМИ/ПРЕДМЕТ/}
}

@online{Donchev,
    author = {Величко Дончев},
    title = {Разписана тема по ПРЕДМЕТ},
    year = {2011-2012},
    url = {https://github.com/hristiyanmarkov/stat_di/blob/master/pdf/}
}
