@online{Syllabus,
    title = {Конспект за ДИ за спец. статистика},
    year = {2018},
    url = {https://intranet.fmi.uni-sofia.bg/index.php/s/KOTdUnmqbrnd0sX}
}

@online{Notes,
    author = {Александър Роячки},
    title = {Разписани лекции ВА},
    url = {https://debian.fmi.uni-sofia.bg/study/materials/va/lectures/}
}

@book{Knapp,
    author = {Anthony Knapp},
    title = {Basic Algebra},
    edition = {Digital Second Edition},
    year = {2016},
    url = {http://www.math.stonybrook.edu/~aknapp/}
}
