@online{Syllabus,
    title = {Конспект за ДИ за спец. статистика},
    year = {2018},
    url = {https://intranet.fmi.uni-sofia.bg/index.php/s/KOTdUnmqbrnd0sX}
}

@online{Notes,
    author = {Богдан Александров (лекции) and Станислав Иванов (упражнения) and Янис Василев (записки)},
    title = {Записки от лекции и упражнения по АГ},
    year = {2018-2019},
    url = {https://ivasilev.net/ФМИ/АГ/}
}

@online{Donchev,
    author = {Величко Дончев},
    title = {Разписана тема по АГ},
    year = {2011-2012},
    url = {https://github.com/hristiyanmarkov/stat_di/blob/master/pdf/}
}

@book{Stanilov,
    author = {Грозьо Станилов},
    title = {Аналитична Геометрия},
    year = {1993},
    publisher = {Софтех},
    url = {https://knizhen-pazar.net/index.php?option=add_book&id=1229064&title=%D0%90%D0%BD%D0%B0%D0%BB%D0%B8%D1%82%D0%B8%D1%87%D0%BD%D0%B0%20%D0%B3%D0%B5%D0%BE%D0%BC%D0%B5%D1%82%D1%80%D0%B8%D1%8F}
}
